<record><leader>00000cas a22000007a 4500</leader><controlfield tag="001">10130940</controlfield><controlfield tag="008">831115d18891890ksuwr ne      0   a0eng d</controlfield><datafield ind1=" " ind2=" " tag="010"><subfield code="a">sn 83040918 </subfield></datafield><datafield ind1=" " ind2=" " tag="040"><subfield code="a">KSH</subfield><subfield code="b">eng</subfield><subfield code="c">KSH</subfield><subfield code="d">NPT</subfield><subfield code="d">GUA</subfield><subfield code="d">OCLCQ</subfield></datafield><datafield ind1=" " ind2=" " tag="042"><subfield code="a">msc</subfield></datafield><datafield ind1=" " ind2=" " tag="043"><subfield code="a">n-us-ks</subfield></datafield><datafield ind1="0" ind2=" " tag="130"><subfield code="a">Clay Center democrat (Clay Center, Kan. : 1889)</subfield></datafield><datafield ind1="1" ind2="4" tag="245"><subfield code="a">The Clay Center democrat.</subfield></datafield><datafield ind1=" " ind2=" " tag="260"><subfield code="a">Clay Center, Kan. :</subfield><subfield code="b">Democrat Pub. Co.,</subfield><subfield code="c">1889-1890.</subfield></datafield><datafield ind1=" " ind2=" " tag="300"><subfield code="a">2 v. :</subfield><subfield code="b">ill. ;</subfield><subfield code="c">50-55 cm.</subfield></datafield><datafield ind1=" " ind2=" " tag="310"><subfield code="a">Weekly</subfield></datafield><datafield ind1="0" ind2=" " tag="362"><subfield code="a">Vol. 5, no. 33 (Aug. 16, 1889)-v. 7, no. 35 (Aug. 29, 1890).</subfield></datafield><datafield ind1=" " ind2=" " tag="500"><subfield code="a">Editor: W.J.A. Montgomery.</subfield></datafield><datafield ind1="1" ind2=" " tag="700"><subfield code="a">Montgomery, W. J. A.</subfield></datafield><datafield ind1=" " ind2=" " tag="752"><subfield code="a">United States</subfield><subfield code="b">Kansas</subfield><subfield code="c">Clay</subfield><subfield code="d">Clay Center.</subfield></datafield><datafield ind1="0" ind2="0" tag="780"><subfield code="t">Republican valley democrat</subfield><subfield code="w">(DLC)sn 83040925</subfield></datafield><datafield ind1="0" ind2="0" tag="785"><subfield code="t">Critic (Clay Center, Kan.)</subfield><subfield code="w">(DLC)sn 83040932</subfield></datafield></record>